@article {infl_max_BN,
	title = {Influence maximization in Boolean networks},
	author = {Parmer, Thomas and Rocha, Luis M. and Radicchi, Filippo},

	journal = {Nature Communications},
	volume = {13},
	pages = {3457},
	year = {2022},
	issn = {2041-1723},
	doi = {10.1038/s41467-022-31066-0},
}

@inbook {aristotle,
    title={The desire to understand},
    author={Lear, Jonathan},

    booktitle={Aristotle: The Desire to Understand},
    place={Cambridge},
    publisher={Cambridge University Press},
    pages={1–14},
    year={1988},
    doi={10.1017/CBO9780511570612.002},
}

@article {systems_bio_hist,
    title = {A Brief History of Systems Biology: "Every object that biology
        studies is a system of systems." Francois Jacob (1974).},
    author = {Trewavas, Anthony},

    journal = {The Plant Cell},
    volume = {18},
    number = {10},
    pages = {2420-2430},
    year = {2006},
    month = {10},
    issn = {1040-4651},
    doi = {10.1105/tpc.106.042267},
}

@online {de_homine,
    title = {Descartes' Mechanistic View of the Human Body},
    author = {M. Norman, Jeremy},

    url = {https://www.historyofinformation.com/detail.php?id=1924},
    urldate = {2023-05-05},
}

@book {cybernetics,
    title = {Cybernetics or Control and Communication in the Animal and the
        Machine},
    author = {Wiener, Norbert},

    publisher = {The MIT Press},
    year = {2019},
    month = {10},
    isbn = {9780262355902},
    doi = {10.7551/mitpress/11810.001.0001},
}

@book{smuts_holism,
  title={Holism and Evolution},
  author={Smuts, J.C.},

  publisher={Left Of Brain Onboarding Pty Limited},
  year={2021},
  month={11},
  isbn={9781396320668},
  url={https://books.google.cz/books?id=66rFzgEACAAJ},
}

@book{woodger_biological,
  title={Biological Principles: A Critical Study},
  author={Woodger, J.H.},

  publisher={Routledge},
  year={2000},
  number={sv. 6},
  series={Biological Principles: A Critical Study},
  isbn={9780415225700},
  url={https://books.google.cz/books?id=LMSpFwTNphkC},
}

@article {weiss_problem,
    title = {The Problem of Cell Individuality in Development},
    author = {Weiss, Paul},

    journal = {The American Naturalist},
    volume = {74},
    number = {750},
    pages = {34-46},
    year = {1940},
    doi = {10.1086/280870},
}


@article{ludwig_open,
    title = {The Theory of Open Systems in Physics and Biology},
    author = {Ludwig von Bertalanffy },

    journal = {Science},
    volume = {111},
    number = {2872},
    pages = {23-29},
    year = {1950},
    doi = {10.1126/science.111.2872.23},
}

@article{reynolds_flock,
    title = {Flocks, Herds and Schools: A Distributed Behavioral Model},
    author = {Reynolds, Craig W.},

    year = {1987},
    issue_date = {July 1987},
    publisher = {Association for Computing Machinery},
    address = {New York, NY, USA},
    volume = {21},
    number = {4},
    issn = {0097-8930},
    doi = {10.1145/37402.37406},
    journal = {SIGGRAPH Comput. Graph.},
    month = {8},
    pages = {25–34},
    numpages = {10},
}

@article{systems_bio_methods,
    title = "{Systems biology primer: the basic methods and approaches}",
    author = {Tavassoly, Iman and Goldfarb, Joseph and Iyengar, Ravi},

    journal = {Essays in Biochemistry},
    volume = {62},
    number = {4},
    pages = {487-500},
    year = {2018},
    month = {10},
    issn = {0071-1365},
    doi = {10.1042/EBC20180003},
}

@article{kitano_overview,
    title = {Systems Biology: A Brief Overview},
    author = {Hiroaki Kitano },

    journal = {Science},
    volume = {295},
    number = {5560},
    pages = {1662-1664},
    year = {2002},
    doi = {10.1126/science.1069492},
}

@article{heart_development,
  title    = {A boolean model of the cardiac gene regulatory network
              determining first and second heart field identity},
  author   = {Herrmann, Franziska and Gro{\ss}, Alexander and Zhou, Dao and
              Kestler, Hans A and K{\"u}hl, Michael},
  journal  = "PLoS One",
  volume   =  7,
  number   =  10,
  pages    = "e46798",
  month    =  10,
  year     =  2012,
  doi      = {10.1371/journal.pone.0046798},
}

@article{aging,
  title    = {A Boolean network of the crosstalk between {IGF} and Wnt
              signaling in aging satellite cells},
  author   = {Siegle, Lea and Schwab, Julian D and K{\"u}hlwein, Silke D and
              Lausser, Ludwig and T{\"u}mpel, Stefan and Pfister, Astrid S and
              K{\"u}hl, Michael and Kestler, Hans A},

  journal  = "PLoS One",
  volume   =  13,
  number   =  3,
  pages    = "e0195126",
  month    =  3,
  year     =  2018,
  doi      = {10.1371/journal.pone.0195126},
}

@article{concepts_bn,
  title    = "Concepts in Boolean network modeling: What do they all mean?",
  author   = "Schwab, Julian D and K{\"u}hlwein, Silke D and Ikonomi, Nensi and
              K{\"u}hl, Michael and Kestler, Hans A",

  journal  = "Comput Struct Biotechnol J",
  volume   =  18,
  pages    = "571--582",
  month    =  3,
  year     =  2020,
  doi      = {10.1016/j.csbj.2020.03.001},
}

@article{control_psbn,
    title = {Temporary and permanent control of partially specified Boolean
        networks},
    author = {Luboš Brim and Samuel Pastva and David Šafránek and Eva
        Šmijáková},

    journal = {Biosystems},
    volume = {223},
    pages = {104795},
    year = {2023},
    issn = {0303-2647},
    doi = {10.1016/j.biosystems.2022.104795},
}

@article{control_akutsu,
    title = {Control of Boolean networks: Hardness results and algorithms for
        tree structured networks},
    author = {Tatsuya Akutsu and Morihiro Hayashida and Wai-Ki Ching and
        Michael K. Ng},

    journal = {Journal of Theoretical Biology},
    volume = {244},
    number = {4},
    pages = {670-679},
    year = {2007},
    issn = {0022-5193},
    doi = {10.1016/j.jtbi.2006.09.023},
}

@article{parmer_dynamical,
  title={Dynamical Methods for Target Control of Biological Networks},
  author={Parmer, Thomas and Radicchi, Filippo},

  journal={arXiv},
  year={2023},
  doi={10.48550/arXiv.2304.10443},
}

@phdthesis{parmer_phd,
  title={Node Influence in Network-Based Discrete Dynamical Systems},
  author={Parmer, Thomas},

  year={2023},
  school={Indiana University}
}

@MastersThesis{kadlecaj_thesis,
    TITLE = {Parallel Bifurcation Analysis in Parametrised Boolean Networks},
    AUTHOR = {Kadlecaj, Jakub},

    YEAR = {2020},
    TYPE = {Diplomová práce},
    INSTITUTION = {Masarykova univerzita, Fakulta informatiky},
    LOCATION = {Brno},
    SUPERVISOR = {Luboš Brim},
    URL = {https://is.muni.cz/th/mfyzb/},
    URL_DATE = {2023-05-06},
}

@article{colomoto,
    title = "{Cooperative development of logical modelling standards and tools
        with CoLoMoTo}",
    author = {Naldi, AurÃ©lien and Monteiro, Pedro T. and MÃ¼ssel, Christoph
        and the Consortium for Logical Models and Tools and Kestler, Hans A.
            and Thieffry, Denis and Xenarios, Ioannis and Saez-Rodriguez, Julio
            and Helikar, Tomas and Chaouiya, Claudine},

    journal = {Bioinformatics},
    volume = {31},
    number = {7},
    pages = {1154-1159},
    year = {2015},
    month = {01},
    issn = {1367-4803},
    doi = {10.1093/bioinformatics/btv013},
}

@article{mammalian,
    title = "{Dynamical analysis of a generic Boolean model for the control of
        the mammalian cell cycle}",
    author = {Fauré, Adrien and Naldi, Aurélien and Chaouiya, Claudine and
        Thieffry, Denis},

    journal = {Bioinformatics},
    volume = {22},
    number = {14},
    pages = {e124-e131},
    year = {2006},
    month = {07},
    issn = {1367-4803},
    doi = {10.1093/bioinformatics/btl210},
}

@article{novak,
	title = {A model for restriction point control of the mammalian cell cycle},
	author = {Béla Novák and John J. Tyson},

	journal = {Journal of Theoretical Biology},
	volume = {230},
	number = {4},
	pages = {563-579},
	year = {2004},
	note = {Special Issue in honour of Arthur T. Winfree},
	issn = {0022-5193},
	doi = {10.1016/j.jtbi.2004.04.039},
}

@article{attractors,
    author={Hopfensitz, Martin
        and M{\"u}ssel, Christoph
        and Maucher, Markus
        and Kestler, Hans A.},
    title={Attractors in Boolean networks: a tutorial},

    journal={Computational Statistics},
    year={2013},
    month={Feb},
    day={01},
    volume={28},
    number={1},
    pages={19-36},
    issn={1613-9658},
    doi={10.1007/s00180-012-0324-2},
}

@article{zanudo,
    title = {Cell Fate Reprogramming by Control of Intracellular Network
        Dynamics},
    author = {Zañudo, Jorge G. T. AND Albert, Réka},
    journal = {PLOS Computational Biology},
    publisher = {Public Library of Science},
    year = {2015},
    month = {04},
    volume = {11},
    pages = {1-24},
    number = {4},
    doi = {10.1371/journal.pcbi.1004193},
}

@misc{smijakova_thesis,
        AUTHOR = {Šmijáková, Eva},
        TITLE = {Control of Parametrised Boolean Networks},

        YEAR = {2021},
        TYPE = {Rigorózní práce},
        INSTITUTION = {Masarykova univerzita, Fakulta informatiky},
        LOCATION = {Brno},
        SUPERVISOR = {},
        URL = {https://is.muni.cz/th/wrv1c/},
        URL_DATE = {2023-05-08},
}

@book {mean_field_ca,
    title={Mean-Field Approximation},
    author={Sayama, Hiroki},

    booktitle={Introduction to the Modeling and Analysis of Complex Systems},
    chapter={12.3},
    url = {https://math.libretexts.org/Bookshelves/Scientific_Computing_Simulations_and_Modeling/Book%3A_Introduction_to_the_Modeling_and_Analysis_of_Complex_Systems_(Sayama)/12%3A_Cellular_Automata_II__Analysis/12.03%3A_Mean-Field_Approximation},
    urldate = {2023-05-09},
}

@article{pastor_epidemic,
  title = {Epidemic Spreading in Scale-Free Networks},
  author = {Pastor-Satorras, Romualdo and Vespignani, Alessandro},
  journal = {Phys. Rev. Lett.},
  volume = {86},
  issue = {14},
  pages = {3200--3203},
  numpages = {0},
  year = {2001},
  month = {Apr},
  publisher = {American Physical Society},
  doi = {10.1103/PhysRevLett.86.3200},
}

@inproceedings{yang_epidemic,
  author={Yang Wang and Chakrabarti, D. and Chenxi Wang and Faloutsos, C.},
  booktitle={22nd International Symposium on Reliable Distributed Systems,
      2003. Proceedings.}, 

  title={Epidemic spreading in real networks: an eigenvalue viewpoint}, 
  year={2003},
  pages={25-34},
  doi={10.1109/RELDIS.2003.1238052},
}

@Article{cell_collective,
    author={Helikar, Tom{\'a}{\v{s}}
        and Kowal, Bryan
        and McClenathan, Sean
        and Bruckner, Mitchell
        and Rowley, Thaine
        and Madrahimov, Alex
        and Wicks, Ben
        and Shrestha, Manish
        and Limbu, Kahani
        and Rogers, Jim A.},
    title={The Cell Collective: Toward an open and collaborative approach to
        systems biology},
    journal={BMC Systems Biology},
    year={2012},
    month={Aug},
    day={07},
    volume={6},
    number={1},
    pages={96},
    issn={1752-0509},
    doi={10.1186/1752-0509-6-96},
}
